<record><leader>00000cas a22000007a 4500</leader><controlfield tag="001">22333381</controlfield><controlfield tag="008">900905c19599999ohuwr ne      0    0eng d</controlfield><datafield ind1=" " ind2=" " tag="010"><subfield code="a">sn 90068454 </subfield></datafield><datafield ind1=" " ind2=" " tag="040"><subfield code="a">ONP</subfield><subfield code="b">eng</subfield><subfield code="c">ONP</subfield><subfield code="d">OCLCQ</subfield></datafield><datafield ind1=" " ind2=" " tag="042"><subfield code="a">msc</subfield></datafield><datafield ind1="0" ind2=" " tag="130"><subfield code="a">Sun-messenger (Cleveland Heights, Ohio : 1959)</subfield></datafield><datafield ind1="1" ind2="4" tag="245"><subfield code="a">The Sun-messenger.</subfield></datafield><datafield ind1="1" ind2="7" tag="246"><subfield code="a">Sun-press &amp; messenger</subfield></datafield><datafield ind1=" " ind2=" " tag="260"><subfield code="a">Cleveland Heights, O. [Ohio] :</subfield><subfield code="b">Harry Volk,</subfield><subfield code="c">1959-</subfield></datafield><datafield ind1=" " ind2=" " tag="300"><subfield code="a">v.</subfield></datafield><datafield ind1=" " ind2=" " tag="310"><subfield code="a">Weekly</subfield></datafield><datafield ind1="0" ind2=" " tag="362"><subfield code="a">Vol. 6, no. 15 (Apr. 9, 1959)-</subfield></datafield><datafield ind1=" " ind2=" " tag="752"><subfield code="a">United States</subfield><subfield code="b">Ohio</subfield><subfield code="c">Cuyahoga</subfield><subfield code="d">Cleveland Heights.</subfield></datafield><datafield ind1="0" ind2="0" tag="780"><subfield code="t">Sun-press &amp; messenger (Cleveland Heights, Ohio)</subfield><subfield code="w">(DLC)sn 90068453</subfield></datafield></record>